@misc{bp1,
    author       = {Benedikt B{\"{u}}nz and
		    Jonathan Bootle and
		    Dan Boneh and
		    Andrew Poelstra and
		    Pieter Wuille and
		    Greg Maxwell},
    title        = {Bulletproofs: Short Proofs for Confidential Transactions and More},
    howpublished = {Cryptology ePrint Archive, Report 2017/1066},
    year         = {2017},
    note         = {\url{https://ia.cr/2017/1066}},
}